%% This BibTeX bibliography file was created using BibDesk.
%% http://bibdesk.sourceforge.net/

%% Created for Hugo Curado at 2017-11-20 16:33:39 +0000 


%% Saved with string encoding Unicode (UTF-8) 



@webpage{letsencrypt,
	Annote = {Consultado em Novembro de 2017},
	Date-Added = {2017-11-20 15:44:14 +0000},
	Date-Modified = {2017-11-20 16:32:00 +0000},
	Lastchecked = {Consultado em Novembro de 2017},
	Url = {https://letsencrypt.org}}

@manual{slideTP6,
	Author = {Carlos Duarte},
	Date-Added = {2017-11-20 15:41:41 +0000},
	Date-Modified = {2017-11-20 16:33:34 +0000},
	Howpublished = {\url{https://moodle.ciencias.ulisboa.pt/pluginfile.php/15607/mod_resource/content/3/pgp%201718%20-%20aula%206%20-%20estima{\c c}{\~a}o.pdf}},
	Month = {Outubro},
	Organization = {Departamento de Inform{\'a}tica, FCUL},
	Title = {pgp 1718 - aula 6 - estima{\c c}{\~a}o.pdf},
	Year = {2017}}

@webpage{authy,
	Annote = {Consultado em Novembro de 2017},
	Date-Added = {2017-11-20 15:36:09 +0000},
	Date-Modified = {2017-11-20 16:32:29 +0000},
	Lastchecked = {Consultado em Novembro de 2017},
	Url = {https://authy.com}}

@comment{BibDesk Static Groups{
<?xml version="1.0" encoding="UTF-8"?>
<!DOCTYPE plist PUBLIC "-//Apple//DTD PLIST 1.0//EN" "http://www.apple.com/DTDs/PropertyList-1.0.dtd">
<plist version="1.0">
<array>
	<dict>
		<key>group name</key>
		<string>PGP1718-Rel1</string>
		<key>keys</key>
		<string>authy,slideTP6,letsencrypt</string>
	</dict>
</array>
</plist>
}}
